@misc{librarysort,
  title = {Library Sort},
  howpublished = {C++ Algorithm Examples},
  year = {2023},
  url = {https://cplusplus.algorithmexamples.com/web/sorting/library_sort.html},
  urldate = {2025-04-15}
}

@misc{timsort,
  title = {Timsort},
  howpublished = {Wikipedia},
  year = {2023},
  url = {https://en.wikipedia.org/wiki/Timsort},
  urldate = {2025-04-15}
}

@misc{cocktailsort,
  title = {칵테일 정렬},
  howpublished = {위키백과},
  year = {2023},
  url = {https://ko.wikipedia.org/wiki/%EC%B9%B5%ED%85%8C%EC%9D%BC_%EC%A0%95%EB%A0%AC},
  urldate = {2025-04-15}
}

@misc{combsort,
  title = {빗질 정렬},
  howpublished = {위키백과},
  year = {2023},
  url = {https://ko.wikipedia.org/wiki/%EB%B9%97%EC%A7%88_%EC%A0%95%EB%A0%AC},
  urldate = {2025-04-15}
}

@misc{tournamentsort,
  title = {Tournament Sort},
  howpublished = {OI Wiki},
  year = {2023},
  url = {https://en.oi-wiki.org/basic/tournament-sort/},
  urldate = {2025-04-15}
}

@misc{introsort,
  title = {인트로 정렬},
  howpublished = {위키백과},
  year = {2023},
  url = {https://ko.wikipedia.org/wiki/%EC%9D%B8%ED%8A%B8%EB%A1%9C_%EC%A0%95%EB%A0%AC},
  urldate = {2025-04-15}
}

@article{bender2006insertion,
  title = {Insertion sort is {O}(n log n)},
  author = {Bender, Michael A. and Farach-Colton, Martin and Mosteiro, Miguel A.},
  journal = {Theory of Computing Systems},
  volume = {39},
  pages = {391--397},
  year = {2006},
  publisher = {Springer}
}

@article{musser1997introspective,
  title = {Introspective sorting and selection algorithms},
  author = {Musser, David R.},
  journal = {Software: Practice and Experience},
  volume = {27},
  number = {8},
  pages = {983--993},
  year = {1997},
  publisher = {Wiley Online Library}
}

@book{knuth1998art,
  title = {The Art of Computer Programming: Sorting and Searching},
  author = {Knuth, Donald E.},
  volume = {3},
  year = {1998},
  publisher = {Addison-Wesley Professional}
}

@article{hoare1961algorithm,
  title = {Algorithm 64: quicksort},
  author = {Hoare, C. A. R.},
  journal = {Communications of the ACM},
  volume = {4},
  number = {7},
  pages = {321},
  year = {1961},
  publisher = {ACM}
}

@article{dobosiewicz1980efficient,
  title = {An efficient variation of bubble sort},
  author = {Dobosiewicz, W.},
  journal = {Information Processing Letters},
  volume = {11},
  number = {1},
  pages = {5--6},
  year = {1980},
  publisher = {Elsevier}
}

@article{forsythe1964algorithms,
  title = {Algorithms},
  author = {Forsythe, George E.},
  journal = {Communications of the ACM},
  volume = {7},
  number = {6},
  pages = {347--349},
  year = {1964},
  publisher = {ACM}
}

@article{friend1956sorting,
  title = {Sorting on electronic computer systems},
  author = {Friend, E. H.},
  journal = {Journal of the ACM (JACM)},
  volume = {3},
  number = {3},
  pages = {134--168},
  year = {1956},
  publisher = {ACM}
}

@techreport{stepanov1986using,
  title = {Using tournament trees to sort},
  author = {Stepanov, A. and Kershenbaum, A.},
  institution = {Polytechnical Institute of New York},
  number = {86--13},
  year = {1986}
}